@article{PaSa02,
title = "Taking cube roots in $\mathbb{Z}_m$",
author = "C. Padr{\'o} and G. S{\'a}ez",
journal = "Applied Mathematics Letters",
volume = "15",
number = "6",
pages = "703 - 708",
year = "2002",
}


@article{KeUm11,
        Author = {Kedlaya, K. S. and Umans, C.},
        Journal = {SIAM J. Computing},
        Number = {6},
        Pages = {1767-1802},
        Title = {Fast Polynomial Factorization and Modular Composition},
        Volume = {40},
        Year = {2011}
}

@inproceedings{Umans08,
  author    = {C. Umans},
  title     = {Fast polynomial factorization and modular composition in
               small characteristic},
  booktitle = {STOC},
  year      = {2008},
  pages     = {481-490},
}

@article {BaVo06,
   author = {Barreto, P. and Voloch, J.},
   title = {Efficient Computation of Roots in Finite Fields},
   journal = {Designs, Codes and Cryptography},
   pages = {275-280},
   volume = {39},
   issue = {2},
   year = {2006}
}


@article{HaChKi09,
 author = {Han, D.-G. and Choi, D. and Kim, H.},
 title = {Improved Computation of Square Roots in Specific Finite Fields},
 journal = {IEEE Trans. Comput.},
 volume = {58},
 issue = {2},
 year = {2009},
 pages = {188--196},
} 



@inproceedings {Williams72,
    AUTHOR = {Williams, H. C.},
     TITLE = {Some algorithms for solving {$x^{q}\equiv N$} {$({\rm mod}\
              p)$}},
 BOOKTITLE = {Proceedings of the {T}hird {S}outheastern {C}onference on
              {C}ombinatorics, {G}raph {T}heory and {C}omputing ({F}lorida
              {A}tlantic {U}niv., {B}oca {R}aton, {F}la., 1972)},
     PAGES = {451--462},
 PUBLISHER = {Florida Atlantic Univ.},
      YEAR = {1972},
}

@article {WiHa93,
    AUTHOR = {Williams, K. S. and Hardy, K.},
     TITLE = {A refinement of {H}. {C}. {W}illiams' {$q$}th root algorithm},
   JOURNAL = {Math. Comp.},
  FJOURNAL = {Mathematics of Computation},
    VOLUME = {61},
      YEAR = {1993},
    NUMBER = {203},
     PAGES = {475--483},
}
@misc{NiHaSuKu09,
    author = {N. Nishihara and R. Harasawa and Y. Sueyoshi and A. Kudo},
    title = {A remark on the computation of cube roots in finite fields},
    howpublished = {Cryptology ePrint Archive, Report 2009/457},
    year = {2009},
    note = {\url{http://eprint.iacr.org/}},
}

@article {GaPa02,
    AUTHOR = {Guajardo, J. and Paar, C.},
     TITLE = {Itoh-{T}sujii inversion in standard basis and its application
              in cryptography and codes},
   JOURNAL = {Des. Codes Cryptogr.},
  FJOURNAL = {Designs, Codes and Cryptography. An International Journal},
    VOLUME = {25},
      YEAR = {2002},
    NUMBER = {2},
     PAGES = {207--216},
}

@article {ItTs88,
    AUTHOR = {Itoh, T. and Tsujii, S.},
     TITLE = {A fast algorithm for computing multiplicative inverses in
              {${\rm GF}(2^m)$} using normal bases},
   JOURNAL = {Inform. and Comput.},
  FJOURNAL = {Information and Computation},
    VOLUME = {78},
      YEAR = {1988},
    NUMBER = {3},
     PAGES = {171--177},
}

@incollection {AdMaMi77,
    AUTHOR = {Adleman, L. and Manders, K. and Miller, G.},
     TITLE = {On taking roots in finite fields},
 BOOKTITLE = {18th {A}nnual {S}ymposium on {F}oundations of {C}omputer
              {S}cience ({P}rovidence, {R}.{I}., 1977)},
     PAGES = {175--178},
 PUBLISHER = {IEEE},
      YEAR = {1977},
}

@article{GaSc10,
title = "Genus 2 point counting over prime fields",
journal = "Journal of Symbolic Computation",
volume = "47",
number = "4",
pages = "368 - 400",
year = "2012",
author = "P. Gaudry and {\'E}. Schost",
}

@article {GaSh92,
    AUTHOR = {{J. von zur} Gathen and V. Shoup},
     TITLE = {Computing {F}robenius maps and factoring polynomials},
   JOURNAL = {Comput. Complexity},
    VOLUME = {2},
      YEAR = {1992},
    NUMBER = {3},
     PAGES = {187--224},
}


@article {Muller04,
    AUTHOR = {M{\"u}ller, S.},
     TITLE = {On the computation of square roots in finite fields},
   JOURNAL = {Des. Codes Cryptogr.},
  FJOURNAL = {Designs, Codes and Cryptography. An International Journal},
    VOLUME = {31},
      YEAR = {2004},
    NUMBER = {3},
     PAGES = {301--312},
}

@article {KoCaYuLi06,
    AUTHOR = {Kong, F. and Cai, Z. and Yu, J. and Li, D.},
     TITLE = {Improved generalized {A}tkin algorithm for computing square
              roots in finite fields},
   JOURNAL = {Inform. Process. Lett.},
  FJOURNAL = {Information Processing Letters},
    VOLUME = {98},
      YEAR = {2006},
    NUMBER = {1},
     PAGES = {1--5},
}

@incollection {BaKiLySc02,
    AUTHOR = {Barreto, P. S. L. M. and Kim, H. Y. and Lynn, B. and
              Scott, M.},
     TITLE = {Efficient algorithms for pairing-based cryptosystems},
 BOOKTITLE = {Advances in cryptology---{CRYPTO} 2002},
    SERIES = {Lecture Notes in Comput. Sci.},
    VOLUME = {2442},
     PAGES = {354--368},
 PUBLISHER = {Springer},
      YEAR = {2002},
}

@incollection{Tornaria2002,
  author =	"G. Tornar\'ia",
  title =	"Square Roots Modulo $p$",
  booktitle =	"LATIN 2002: Theoretical Informatics",
  year = 	"2002",
  pages = "430--434",
  publisher = "Springer",
  series = "Lecture Notes in Comput. Sci.",
    VOLUME = "2286",
}

@article{HuPa98,
title = {Fast rectangular matrix multiplication and applications},
author = {Huang, X. and Pan, V. Y.},
journal = {J. Complexity},
volume = {14},
number = {2},
pages = {257--299},
year = {1998}
}

@Article{CoWi90,
author = 	 {D. Coppersmith and S. Winograd},
title = 	 {Matrix multiplication via arithmetic progressions},
journal = 	 {J. Symb. Comp},
year = 	 1990,
volume =	 9,
number =	 3,
pages =	 {251--280}
}


@book{GaGe03,
Author = {von zur Gathen, J. and Gerhard, J.},
Publisher = {Cambridge University Press},
Title = {Modern {C}omputer {A}lgebra},
Year = {2003}
}

@Article{CaKa91,
  author = 	 {Cantor, D. G. and Kaltofen, E.},
  title = 	 {On Fast Multiplication of Polynomials over 
                  Arbitrary Algebras},
  journal = 	 {Acta Informatica},
  year = 	 1991,
  volume =	 28,
  number =	 7,
  pages =	 {693-701}
}

@Article{Cipolla1903,
  author = "Cipolla, M.",
  title = "Un metodo per la risoluzione della congruenza di secondo grado",
  journal = "Napoli Rend.",
  volume = "9",
  pages = "153--163",
  year = "1903",
  language="Italian",
  reviewer="{Landau, Dr. (Berlin)}",
}

@Book{BachSh1996,
  author =	"E. Bach and J. Shallit",
  title =	"Algorithmic Number Theory; Volume {I}: Efficient Algorithms",
  publisher =	"The MIT Press",
  year = 	"1996",
}

@Article{Tonelli1891,
	author = "A. Tonelli",
	title = {Bemerkung \"uber die {A}ufl\"osung quadratischer {C}ongruenzen},
	journal = {G\"ottinger Nachrichten},
	year = "1891",
	pages = "344-346"
}

@InProceedings{Shanks1972,
  author =	"D. Shanks",
  title =	"Five Number-theoretic Algorithms",
  booktitle =	"Proceedings of the Second Manitoba Conference on Numerical Mathematics",
  year = 	"1972",
  pages =	"51--70",
}

@Article{Pohlig1978,
  author =	"S. C. Pohlig and M. E. Hellman",
  year = 	"1978",
  title =	"An improved algorithm for computing logarithms over ${\rm GF}(p)$ and its cryptographic significance",
  journal =	"IEEE Transactions on Information Theory",
  volume =	"IT-24",
  pages =	"106--110",
}

@InBook{Maurer1992a,
  author =	"U. M. Maurer",
  title =	"Some number-theoretic conjectures and their relation to the generation of cryptographic primes",
  publisher =	"Oxford University Press",
  note = 	"Cryptography and Coding, II",
  year = 	"1992",
  pages =	"173--191",
}

@InProceedings{Maurer1989,
  author =	"U. M. Maurer",
  title =	"Fast Generation of Secure {RSA}-Moduli with Almost Maximal Diversity",
  booktitle =	"Advances in Cryptologyâ€“EUROCRYPT '89 (LNCS 434)",
  year = 	"1989",
  pages = "636--647",
}

@MISC{NTL2009,
  author        = "V. Shoup",
  title         = "A Library for doing Number Theory (\uppercase{NTL})",
  howpublished  = "\url{http://www.shoup.net/ntl/}",
  year          = "2009",
}

@Article{Schonhage1971,
  author =	{A. Sch\"{o}nhage and V. Strassen},
  title =	"Schnelle {M}ultiplikation grosser {Z}ahlen",
  journal =	"Computing",
  volume =	"7",
  year = 	"1971",
  pages =	"281--292",
}


@article {BrKu78,
    AUTHOR = {Brent, R. P. and Kung, H. T.},
     TITLE = {Fast algorithms for manipulating formal power series},
   JOURNAL = {Journal of the Association for Computing Machinery},
    VOLUME = {25},
      YEAR = {1978},
    NUMBER = {4},
     PAGES = {581--595},
}

@InProceedings{KaltofenShoup1997,
  title =	"Fast Polynomial Factorization Over High Algebraic Extensions of Finite Fields",
  author =	"E. Kaltofen and V. Shoup",
  year = 	"1997",
  booktitle =	"ISSAC'97",
  pages =	"184--188",
publisher = "ACM"
}

@Article{Shoup1994,
  author =	"V. Shoup",
  title =	"{Fast Construction of Irreducible Polynomials over Finite Fields"}",
  journal =	"Journal of Symbolic Computation",
  year = 	"1994",
  volume =	"17",
  number =	"5",
  pages =	"371--391",
  month =	may,
}

@Article{Wan1997,
 author = {Wan, D.},
 title = {Generators and irreducible polynomials over finite fields},
 journal = {Math. Comput.},
 volume = {66},
 issue = {219},
 month = {July},
 year = {1997},
 issn = {0025-5718},
 pages = {1195--1212},
 numpages = {18},
 url = {http://dx.doi.org/10.1090/S0025-5718-97-00835-1},
 doi = {http://dx.doi.org/10.1090/S0025-5718-97-00835-1},
 acmid = {262724},
 publisher = {American Mathematical Society},
 address = {Boston, MA, USA},
}

