@article{Steel2010342,
title = "Computing with algebraically closed fields ",
journal = "Journal of Symbolic Computation ",
volume = "45",
number = "3",
pages = "342 - 372",
year = "2010",
note = "",
issn = "0747-7171",
doi = "http://dx.doi.org/10.1016/j.jsc.2009.09.005",
url = "http://www.sciencedirect.com/science/article/pii/S0747717109001497",
author = "Allan K. Steel",
}

@misc{shoup2003ntl,
    author = {Shoup, Victor},
    citeulike-article-id = {7300697},
    howpublished = {\url{http://www.shoup.net/ntl}},
    keywords = {ntl},
    posted-at = {2010-06-14 18:33:18},
    priority = {2},
    title = {{NTL}: A library for doing number theory},
    year = {2003}
}

@article{MAGMA,
    address = {Duluth, MN, USA},
    author = {Bosma, Wieb and Cannon, John and Playoust, Catherine},
    citeulike-article-id = {7300233},
    citeulike-linkout-0 = {http://portal.acm.org/citation.cfm?id=268922},
    citeulike-linkout-1 = {http://dx.doi.org/10.1006/jsco.1996.0125},
    doi = {10.1006/jsco.1996.0125},
    issn = {0747-7171},
    journal = {J. Symbolic Comput.},
    keywords = {algebra\_system, computer\_algebra, magma},
    number = {3-4},
    pages = {235--265},
    posted-at = {2010-06-14 17:27:53},
    priority = {0},
    publisher = {Academic Press, Inc.},
    title = {The {MAGMA} algebra system {I}: the user language},
    url = {http://dx.doi.org/10.1006/jsco.1996.0125},
    volume = {24},
    year = {1997}
}

@article{hart2010flint,
  title={Fast library for number theory: an introduction},
  author={Hart, William},
  journal={Mathematical Software--ICMS 2010},
  pages={88--91},
  year={2010},
  publisher={Springer},
  url={http://www.flintlib.org},
}

@Article{Schonhage1971,
  author =	{A. Sch\"{o}nhage and V. Strassen},
  title =	"Schnelle {M}ultiplikation grosser {Z}ahlen",
  journal =	"Computing",
  volume =	"7",
  year = 	"1971",
  pages =	"281--292",
}

@Article{CaKa91,
  author = 	 {Cantor, D. G. and Kaltofen, E.},
  title = 	 {On Fast Multiplication of Polynomials over Arbitrary Algebras},
  journal = 	 {Acta Informatica},
  year = 	 1991,
  volume =	 28,
  number =	 7,
  pages =	 {693-701}
}

@book{GaGe03,
Author = {von zur Gathen, J. and Gerhard, J.},
Publisher = {Cambridge University Press},
Title = {Modern {C}omputer {A}lgebra},
Year = {2003}
}

@article{Strassen1969,
year={1969},
issn={0029-599X},
journal={Numerische Mathematik},
volume={13},
number={4},
doi={10.1007/BF02165411},
title={Gaussian elimination is not optimal},
url={http://dx.doi.org/10.1007/BF02165411},
publisher={Springer-Verlag},
author={Strassen, Volker},
pages={354-356},
language={English}
}

@Article{CoWi90,
author = 	 {D. Coppersmith and S. Winograd},
title = 	 {Matrix multiplication via arithmetic progressions},
journal = 	 {J. Symb. Comp},
year = 	 1990,
volume =	 9,
number =	 3,
pages =	 {251--280}
}

@article{KeUm11,
        Author = {Kedlaya, K. S. and Umans, C.},
        Journal = {SIAM J. Computing},
        Number = {6},
        Pages = {1767-1802},
        Title = {Fast Polynomial Factorization and Modular Composition},
        Volume = {40},
        Year = {2011}
}

@inproceedings{Umans08,
  author    = {C. Umans},
  title     = {Fast polynomial factorization and modular composition in
               small characteristic},
  booktitle = {STOC},
  year      = {2008},
  pages     = {481-490},
}

@article {BrKu78,
    AUTHOR = {Brent, R. P. and Kung, H. T.},
     TITLE = {Fast algorithms for manipulating formal power series},
   JOURNAL = {Journal of the Association for Computing Machinery},
    VOLUME = {25},
      YEAR = {1978},
    NUMBER = {4},
     PAGES = {581--595},
}

@article{HuPa98,
title = {Fast rectangular matrix multiplication and applications},
author = {Huang, X. and Pan, V. Y.},
journal = {J. Complexity},
volume = {14},
number = {2},
pages = {257--299},
year = {1998}
}

@article{df10,
    author = {De Feo, Luca},
    citeulike-article-id = {7652683},
    citeulike-linkout-0 = {http://dx.doi.org/10.1016/j.jnt.2010.07.003},
    day = {12},
    doi = {10.1016/j.jnt.2010.07.003},
    issn = {0022-314X},
    journal = {Journal of Number Theory},
    keywords = {elliptic\_curve, finite\_field, isogenies},
    month = may,
    number = {5},
    pages = {873--893},
    posted-at = {2010-08-15 14:14:50},
    priority = {0},
    title = {Fast algorithms for computing isogenies between ordinary elliptic curves in small characteristic},
    url = {http://dx.doi.org/10.1016/j.jnt.2010.07.003},
    volume = {131},
    year = {2011}
}

@Article{GaSc12,
  author = {P. Gaudry and {\'E}. Schost},
  title = {Point-counting in genus 2 over prime fields},
  journal = {J. Symbolic Comput.},
  volume = {47},
  number = {4},
  pages = {368-400},
  year = {2012}
}

@inproceedings {Williams72,
    AUTHOR = {Williams, H. C.},
     TITLE = {Some algorithms for solving {$x^{q}\equiv N$} {$({\rm mod}\
              p)$}},
 BOOKTITLE = {Proceedings of the {T}hird {S}outheastern {C}onference on
              {C}ombinatorics, {G}raph {T}heory and {C}omputing ({F}lorida
              {A}tlantic {U}niv., {B}oca {R}aton, {F}la., 1972)},
     PAGES = {451--462},
 PUBLISHER = {Florida Atlantic Univ.},
      YEAR = {1972},
}

@InProceedings{Shanks1972,
  author =	"D. Shanks",
  title =	"Five Number-theoretic Algorithms",
  booktitle =	"Proceedings of the Second Manitoba Conference on Numerical Mathematics",
  year = 	"1972",
  pages =	"51--70",
}

@InProceedings{KaltofenShoup1997,
  title =	"Fast Polynomial Factorization Over High Algebraic Extensions of Finite Fields",
  author =	"E. Kaltofen and V. Shoup",
  year = 	"1997",
  booktitle =	"ISSAC'97",
  pages =	"184--188",
publisher = "ACM"
}

@article{DeSc12,
	author    = {L. {De Feo} and {\'E}. Schost},
	title     = {Fast arithmetics in {A}rtin-{S}chreier towers over finite fields},
	journal   = {Journal of Symbolic Computation},
	volume    = {47},
	number    = {7},
	year      = {2012},
	pages     = {771-792},
}

@Article{Shoup90,
	author = 	 {Shoup, Victor},
	title = 	 {New algorithms for finding irreducible polynomials over finite fields},
	journal = 	 {Math. Comp.},
	year = 	 1990,
	volume = 	 54,
	pages = 	 {435--447}
}

@article{shoup94,
	address = {Duluth, MN, USA},
	author = {Shoup, Victor},
	citeulike-article-id = {7299924},
	citeulike-linkout-0 = {http://portal.acm.org/citation.cfm?id=187280},
	citeulike-linkout-1 = {http://dx.doi.org/10.1006/jsco.1994.1025},
	doi = {10.1006/jsco.1994.1025},
	issn = {0747-7171},
	journal = {J. Symbolic Comput.},
	keywords = {computer\_algebra, finite\_field, irreducible\_polynomials, transposed\_algorithms, 
	transposition},
	number = {5},
	pages = {371--391},
	posted-at = {2010-06-14 16:46:25},
	priority = {0},
	publisher = {Academic Press, Inc.},
	title = {Fast construction of irreducible polynomials over finite fields},
	url = {http://dx.doi.org/10.1006/jsco.1994.1025},
	volume = {17},
	year = {1994}
}

@electronic{lenstra+desmit08-stdmodels,
	author = {Lenstra, Hendrick W. and De Smit, Bart},
	citeulike-article-id = {11159208},
	citeulike-linkout-0 = {http://www.math.leidenuniv.nl/~desmit/papers/standard_models.pdf},
	keywords = {cyclotomic\_polynomial, irreducible\_polynomials},
	pages = {1--4},
	posted-at = {2012-08-30 23:45:53},
	priority = {0},
	title = {Standard models for finite fields: the definition},
	url = {http://www.math.leidenuniv.nl/~desmit/papers/standard_models.pdf},
	year = {2008}
}

@article{couveignes+lercier11,
	author = {Couveignes, Jean-Marc and Lercier, Reynald},
	citeulike-article-id = {11159134},
	howpublished = {Eprint arXiv:0905.1642},
	journal = {To appear in the Israel Journal of Mathematics},
	keywords = {elliptic\_curve, finite\_field, irreducible\_polynomials},
	month = jul,
	posted-at = {2012-08-30 23:25:40},
	priority = {0},
	title = {Fast construction of irreducible polynomials over finite fields.},
	year = {2011}
}

@article{bosma+cannon+steel97,
	address = {Duluth, MN, USA},
	author = {Bosma, W. and Cannon, J. and Steel, A.},
	citeulike-article-id = {7729221},
	citeulike-linkout-0 = {http://portal.acm.org/citation.cfm?id=268921.268929},
	citeulike-linkout-1 = {http://dx.doi.org/10.1006/jsco.1997.0138},
	doi = {10.1006/jsco.1997.0138},
	issn = {0747-7171},
	journal = {J. Symb. Comput.},
	keywords = {finite\_field},
	number = {3-4},
	pages = {351-369},
	posted-at = {2010-08-28 00:14:32},
	priority = {0},
	publisher = {Academic Press, Inc.},
	title = {Lattices of compatibly embedded finite fields},
	url = {http://dx.doi.org/10.1006/jsco.1997.0138},
	volume = {24},
	year = {1997}
}

@article{LenstraJr91,
	title={Finding isomorphisms between finite fields},
	author={Lenstra Jr, H. W.},
	journal={Math. Comp.},
	pages={329-347},
	year={1991},
	volume = {56},
	number = {193}
}

@article{Allombert02,
	title = "Explicit Computation of Isomorphisms between Finite Fields",
	journal = "Finite Fields Appl.",
	volume = "8",
	number = "3",
	pages = "332 - 342",
	year = "2002",
	author = "B. Allombert"
}

@article{Brawley1987,
	title = "Irreducibles and the composed product for polynomials over a finite field ",
	journal = "Discrete Mathematics ",
	volume = "65",
	number = "2",
	pages = "115 - 139",
	year = "1987",
	author = "J.V. Brawley and L. Carlitz",
}

@book{lidl2012applied,
  title={Applied abstract algebra},
  author={Lidl, Rudolf and Pilz, G{\"u}nter},
  year={2012},
  publisher={Springer Science \& Business Media}
}

