@MISC{NTL2009,
  author        = "V. Shoup",
  title         = "A Library for doing Number Theory (\uppercase{NTL})",
  howpublished  = "\url{http://www.shoup.net/ntl/}",
}

@incollection{KaWaNoMo06,
year={2006},
booktitle={Information Security and Cryptology},
volume={4296},
series={Lecture Notes in Computer Science},
title={A High-Speed Square Root Algorithm in Extension Fields},
publisher={Springer},
author={Katou, H. and Wang, F. and Nogami, Y. and Morikawa, Y.},
pages={94-106}
}

@article{KeUm11,
        Author = {Kedlaya, K. S. and Umans, C.},
        Journal = {SIAM J. Computing},
        Number = {6},
        Pages = {1767-1802},
        Title = {Fast Polynomial Factorization and Modular Composition},
        Volume = {40},
        Year = {2011}
}

@article {BrKu78,
    AUTHOR = {Brent, R. P. and Kung, H. T.},
     TITLE = {Fast algorithms for manipulating formal power series},
   JOURNAL = {Journal of the Association for Computing Machinery},
    VOLUME = {25},
      YEAR = {1978},
    NUMBER = {4},
     PAGES = {581--595},
}

@InProceedings{KaltofenShoup1997,
  title =	"Fast Polynomial Factorization Over High Algebraic Extensions of Finite Fields",
  author =	"E. Kaltofen and V. Shoup",
  year = 	"1997",
  booktitle =	"ISSAC'97",
  pages =	"184--188",
publisher = "ACM"
}

@article{FeNoMo05,
 author = {Wang, Feng and Nogami, Yasuyuki and Morikawa, Yoshitaka},
 title = {An Efficient Square Root Computation in Finite Fields ${GF}(p^{2^d})$},
 journal = {IEICE Trans. Fundam. Electron. Commun. Comput. Sci.},
 volume = {E88-A},
 number = {10},
 month = oct,
 year = {2005},
 pages = {2792--2799},
 publisher = {Oxford University Press},
 address = {Oxford, UK},
}


@Article{Cipolla1903,
  author = "Cipolla, M.",
  title = "Un metodo per la risoluzione della congruenza di secondo grado",
  journal = "Napoli Rend.",
  volume = "9",
  pages = "153--163",
  year = "1903",
  language="Italian",
  reviewer="{Landau, Dr. (Berlin)}",
}

@Article{Tonelli1891,
	author = "A. Tonelli",
	title = {Bemerkung \"uber die {A}ufl\"osung quadratischer {C}ongruenzen},
	journal = {G\"ottinger Nachrichten},
	year = "1891",
	pages = "344-346"
}

@InProceedings{Shanks1972,
  author =	"D. Shanks",
  title =	"Five Number-theoretic Algorithms",
  booktitle =	"Proceedings of the Second Manitoba Conference on Numerical Mathematics",
  year = 	"1972",
  pages =	"51--70",
}

@book {Lang02,
    AUTHOR = {S. Lang},
     TITLE = {Algebra},
    SERIES = {Graduate Texts in Mathematics},
    VOLUME = {211},
   EDITION = {third},
 PUBLISHER = {Springer-Verlag},
   ADDRESS = {New York},
      YEAR = {2002},
}

@incollection {FeNoMo03,
   author = {Feng, W. and Nogami, Y. and Morikawa, Y.},
   title = {A Fast Square Root Computation Using the {F}robenius Mapping},
   booktitle = {Information and Communications Security},
   series = {Lecture Notes in Computer Science},
   publisher = {Springer},
   pages = {1-10},
   volume = {2836},
   year = {2003}
}

@article {GaSh92,
    AUTHOR = {J. von zur Gathen and V. Shoup},
     TITLE = {Computing {F}robenius maps and factoring polynomials},
   JOURNAL = {Comput. Complexity},
    VOLUME = {2},
      YEAR = {1992},
    NUMBER = {3},
     PAGES = {187--224},
}

@book {GaGe03,
    Author = {J. von zur Gathen and J. Gerhard},
     TITLE = {Modern Computer Algebra},
   EDITION = {Second},
 PUBLISHER = {Cambridge University Press},
      YEAR = {2003},
}

@article {BoChHoSc11,
    AUTHOR = {Bostan, A. and Chowdhury, M. F. I. and Hoeven, J. van der and Schost, {\'E}.},
     TITLE = {Homotopy methods for multiplication modulo triangular sets},
  JOURNAL = {Journal of Symbolic Computation},
      YEAR = {2011},
   volume = 46,
   number =12,
   pages = {1378-1402}
}

@article{DeSc12,
  author    = {L. {De Feo} and {\'E}. Schost},
  title     = {Fast arithmetics in {A}rtin-{S}chreier towers over finite fields},
  journal   = {Journal of Symbolic Computation},
  volume    = {47},
  number    = {7},
  year      = {2012},
  pages     = {771-792},
}
@Article{CaKa91,
  author = 	 {Cantor, D. G. and Kaltofen, E.},
  title = 	 {On Fast Multiplication of Polynomials over 
                  Arbitrary Algebras},
  journal = 	 {Acta Informatica},
  year = 	 1991,
  volume =	 28,
  number =	 7,
  pages =	 {693-701}
}
@article{Schoof85,
  author={R. Schoof},
  title={Elliptic curves over finite fields and the computation of square roots mod~$p$},
  journal={Mathematics of Computation},
  volume={44},
  year={1985},
  pages={483--494}
}

@article{Shoup94,
    AUTHOR = {Shoup, V.},
     TITLE = {Fast construction of irreducible polynomials over finite
              fields},
   JOURNAL = {Journal of Symbolic Computation},
    VOLUME = {17},
      YEAR = {1994},
    NUMBER = {5},
     PAGES = {371--391},
}

@article{GaSc12,
title = "Genus 2 point counting over prime fields",
journal = "Journal of Symbolic Computation",
volume = "47",
number = "4",
pages = "368 - 400",
year = "2012",
author = "P. Gaudry and {\'E}. Schost",
}

@article{DlsSch2011,
  author    = {J. Doliskani and {\'E}. Schost},
  title     = {Taking Roots over High Extensions of Finite Fields},
  year      = {2012},
  journal = {Mathematics of Computation},
note = {To appear},
}
